@book{Saad2003,
  author = {Y. Saad},
  title = {Iterative methods for sparse linear systems},
  publisher = {Society for Industrial and Applied Mathematics},
  address = {Philadelphia},
  year = {2003},
  edition = {2nd ed},
  isbn = {978-0898715347},
}

@book{Sharma2019,
  author = {Bharatkumar Sharma and Jaegeun Han},
  title = {Learn CUDA Programming: A beginner's guide to GPU programming and parallel computing with CUDA 10.x and C/C++},
  publisher = {Packt Publishing},
  address = {Birmingham},
  year = {2019},
  edition = {1. vydání},
  isbn = {978-1788996242},
}

@inproceedings{Anzt2019,
  author = {Hartwig Anzt and Tobias Ribizel and Goran Flegar and Edmond Chow and Jack Dongarra},
  booktitle = {2019 IEEE International Parallel and Distributed Processing Symposium (IPDPS)},
  title = {ParILUT - A Parallel Threshold ILU for GPUs},
  publisher = {IEEE},
  year = {2019},
  pages = {231-241},
  isbn = {978-1-7281-1246-6},
  urldate = {2022-05-03},
  doi = {10.1109/IPDPS.2019.00033},
  url = {https://ieeexplore.ieee.org/document/8820992/},
}

@thesis{Cejka2020,
  author = {Lukáš Čejka},
  title = {Formats for storage of sparse matrices on GPU},
  address = {Prague},
  year = {2020},
  school = {Czech Technical University in Prague},
  type = {Bachelor's Degree Project},
}

@online{Glawion7March2022,
  author = {Alex Glawion},
  journal = {CG Director},
  title = {Server vs. Desktop CPUs: What are the differences?},
  urldate = {2022-05-19},
  url = {https://www.cgdirector.com/server-vs-desktop-cpus/},
}

@online{NVIDIAMay2022,
  author = {Corporation NVIDIA},
  title = {CUDA C++ Programming Guide},
  urldate = {2022-05-19},
  url = {https://docs.nvidia.com/cuda/pdf/CUDA_C_Programming_Guide.pdf},
}

@article{Hernandez2013429,
  author = {Moisés Hernández and Ginés D. Guerrero and José M. Cecilia and José M. García and Alberto Inuggi and Saad Jbabdi and Timothy E. J. Behrens and Stamatios N. Sotiropoulos and Essa Yacoub},
  journal = {PLoS ONE},
  title = {Accelerating Fibre Orientation Estimation from Diffusion Weighted Magnetic Resonance Imaging Using GPUs},
  year = {2013-4-29},
  pages = {2},
  volume = {8},
  number = {4},
  issn = {1932-6203},
  urldate = {2022-05-20},
  doi = {10.1371/journal.pone.0061892},
  url = {https://dx.plos.org/10.1371/journal.pone.0061892},
}

@online{Oh10September2012,
  author = {Fred Oh},
  journal = {Nvidia Official Blog},
  title = {What Is CUDA?},
  urldate = {2022-05-20},
  url = {https://blogs.nvidia.com/blog/2012/09/10/what-is-cuda-2/},
}

@online{soj8qSRbfefUdi8Y,
  author = {Nvidia },
  journal = {Nvidia},
  title = {NVIDIA A100 Tensor Core GPU Architecture},
  subtitle = {UNPRECEDENTED ACCELERATION AT EVERY SCALE},
  urldate = {2022-05-22},
  url = {https://images.nvidia.com/aem-dam/en-zz/Solutions/data-center/nvidia-ampere-architecture-whitepaper.pdf},
}

@online{oaUUFoT7oI5ApIyY,
  author = {Nvidia },
  journal = {Nvidia},
  title = {NVIDIA TURING GPU ARCHITECTURE},
  subtitle = {Graphics Reinvented},
  urldate = {2022-05-22},
  url = {https://images.nvidia.com/aem-dam/en-zz/Solutions/design-visualization/technologies/turing-architecture/NVIDIA-Turing-Architecture-Whitepaper.pdf},
}

@online{Hagedoorn6October2016,
  author = {Hilbert Hagedoorn},
  journal = {The guru of 3D},
  title = {Nvidia GeForce GTX 1070 review - Pascal GPU Architecture},
  urldate = {2022-05-22},
  url = {https://www.guru3d.com/articles-pages/nvidia-geforce-gtx-1070-review,3.html},
}

@online{wGXr33zSUweXiQMY,
  author = {W1zzard },
  journal = {TechPowerUp},
  title = {MSI GeForce RTX 3060 Gaming X Trio Review},
  subtitle = {The GeForce Ampere Architecture},
  urldate = {2022-05-22},
  url = {https://www.techpowerup.com/review/msi-geforce-rtx-3060-gaming-x-trio/2.html},
}

@online{Walton7July2021,
  author = {Jarred Walton},
  journal = {Tom's HARDWARE},
  title = {Nvidia GeForce RTX 3060 12GB Review: Hope Springs Eternal},
  urldate = {2022-05-22},
  url = {https://www.tomshardware.com/reviews/nvidia-geforce-rtx-3060-review},
}

@online{jAnwkq6mMKYTLUOB,
  author = {TechPowerUp },
  journal = {TechPowerUp},
  title = {NVIDIA GeForce GTX 1070},
  urldate = {2022-05-22},
  url = {https://www.techpowerup.com/gpu-specs/geforce-gtx-1070.c2840},
}

@online{Smith18May2016,
  author = {Ryan Smith},
  journal = {AnandTech},
  title = {NVIDIA Posts Full GeForce GTX 1070 Specifications: 1920 CUDA Cores Boosting to 1.68GHz},
  urldate = {2022-05-22},
  url = {https://www.anandtech.com/show/10336/nvidia-posts-full-geforce-gtx-1070-specs},
}

@online{SMhyh0H3oh3nlda0,
  author = {TechPowerUp },
  journal = {TechPowerUp},
  title = {NVIDIA GeForce RTX 3060},
  urldate = {2022-05-22},
  url = {https://www.techpowerup.com/gpu-specs/geforce-rtx-3060.c3682},
}

@online{May1December2020,
  author = {Keith May},
  journal = {WCCFtech},
  title = {NVIDIA GeForce RTX 3060 Ti Founders Edition Graphics Card Review},
  urldate = {2022-05-22},
  url = {https://wccftech.com/review/nvidia-geforce-rtx-3060-ti-founders-edition-graphics-card-review/2/},
}

@online{rfiOEXAGDlcAOxF3,
  author = {Nvidia },
  journal = {Nvidia},
  title = {NVIDIA A100 TENSOR CORE GPU},
  subtitle = {Unprecedented acceleration at every scale},
  urldate = {2022-05-22},
  url = {https://www.nvidia.com/en-us/data-center/a100/},
}

@online{OsGyRFLMngy0j8Pv,
  author = {dogma1138 },
  journal = {Hacker News},
  title = {CUDA support much more languages than just C++ and Fortran},
  urldate = {2022-05-22},
  url = {https://news.ycombinator.com/item?id=26605219},
}

@incollection{Marziale2010,
  author = {Lodovico Marziale and Santhi Movva and Golden G. Richard III and Vassil Roussev and Loren Schwiebert},
  booktitle = {Handbook of Research on Computational Forensics, Digital Crime, and Investigation},
  title = {Massively Threaded Digital Forensics Tools},
  publisher = {IGI Global},
  year = {2010},
  pages = {234-256},
  isbn = {9781605668369},
  urldate = {2022-05-30},
  doi = {10.4018/978-1-60566-836-9.ch010},
  url = {http://services.igi-global.com/resolvedoi/resolve.aspx?doi=10.4018/978-1-60566-836-9.ch010},
}

@online{Durant10May2017,
  author = {Luke Durant and Olivier Giroux and Mark Harris and Nick Stam},
  journal = {Nvidia Developer: Technical Blog},
  title = {Inside Volta: The World’s Most Advanced Data Center GPU},
  urldate = {2022-05-30},
  url = {https://developer.nvidia.com/blog/inside-volta/},
}

@online{AbiChahla18June2008,
  author = {Fedy Abi-Chahla},
  journal = {Tom's Hardware},
  title = {Nvidia's CUDA: The End of the CPU?},
  urldate = {2022-06-05},
  url = {https://www.tomshardware.com/reviews/nvidia-cuda-gpu,1954.html},
}

@online{sk7jHd5INXJOAEUe,
  author = {Steve Rennich and Nvidia },
  journal = {Nvidia Developer},
  title = {CUDA C/C++ Streams and Concurrency},
  urldate = {2022-06-07},
  url = {https://developer.download.nvidia.com/CUDA/training/StreamsAndConcurrencyWebinar.pdf},
}

@online{Ruetsch2008,
  author = {Greg Ruetsch and Brent Oster},
  journal = {Nvidia},
  title = {Getting Started with CUDA},
  urldate = {2022-06-07},
  url = {https://www.nvidia.com/content/cudazone/download/Getting_Started_w_CUDA_Training_NVISION08.pdf},
}

@online{Hsiao17December2019,
  author = {Yao Hsiao},
  journal = {Hack MD},
  title = {GPU},
  subtitle = {CUDA intro},
  urldate = {2022-06-11},
  url = {https://hackmd.io/@yaohsiaopid/ryHNKkxTr?type=view},
}

@book{Rose2017,
  author = {Chris Rose},
  title = {Cuda Succinctly},
  publisher = {CreateSpace Independent Publishing Platform},
  address = {United States},
  year = {2017},
  edition = {1st edition},
  isbn = {9781542827409},
}

@online{Harris7January2013,
  author = {Mark Harris},
  journal = {Nvidia Developer: Technical Blog},
  title = {How to Access Global Memory Efficiently in CUDA C/C++ Kernels},
  urldate = {2022-06-14},
  url = {https://developer.nvidia.com/blog/how-access-global-memory-efficiently-cuda-c-kernels/},
}

@online{Cabrera4December2019,
  author = {Fang Cabrera},
  journal = {Fan Cabrera: A tech notebook},
  title = {The CUDA Parallel Programming Model - 5. Memory Coalescing},
  urldate = {2022-06-14},
  url = {https://nichijou.co/cuda5-coalesce/},
}

@online{Brown18November2019,
  author = {Gordon Brown},
  journal = {Codeplay},
  title = {ComputeCpp v1.1.6: Changes to Work-item Mapping Optimization},
  urldate = {2022-06-14},
  url = {https://codeplay.com/portal/blogs/2019/11/18/computecpp-v1-1-6-changes-to-work-item-mapping-optimization.html},
}

@online{xUOrKLpxlGjvTonr,
  author = {Manuel Ujaldón Martínez},
  journal = {Partnership for advanced computing in Europe},
  title = {CUDA Optimizations, Debugging and Profiling},
  urldate = {2022-06-14},
  url = {http://materials.prace-ri.eu/35/1/gpuvideo4.pdf},
}

@online{NvidiaJanuary2022,
  author = { Nvidia},
  journal = {Nvidia Docs},
  title = {CUDA Runtime API},
  subtitle = {API Reference Manual},
  urldate = {2022-06-21},
  url = {https://docs.nvidia.com/cuda/pdf/CUDA_Runtime_API.pdf},
}

@online{McKennon13June2013,
  author = {Justin McKennon},
  journal = {Microway},
  title = {CUDA Parallel Thread Management},
  urldate = {2022-06-23},
  url = {https://www.microway.com/hpc-tech-tips/cuda-parallel-thread-management/},
}

@online{Harris28January2013,
  author = {Mark Harris},
  journal = {Nvidia Developer: Technical Blog},
  title = {Using Shared Memory in CUDA C/C++},
  urldate = {2022-06-25},
  url = {https://developer.nvidia.com/blog/using-shared-memory-cuda-cc/},
}

@book{Press2007,
  author = {William H. Press},
  title = {Numerical recipes},
  subtitle = {the art of scientific computing},
  publisher = {Cambridge University Press},
  address = {Cambridge},
  year = {2007},
  edition = {3rd ed},
  isbn = {9780521880688},
}

@online{rqjYYJkSwERYYbSy,
  author = { Vismor},
  journal = {Vismor},
  title = {4.3 Crout’s LU Factorization},
  urldate = {2022-06-28},
  url = {https://vismor.com/documents/network_analysis/matrix_algorithms/S4.SS3.php},
}

@online{TgtpOw7zCHo3ii0m,
  journal = {Wikipedia: the free encyclopedia},
  title = {LU decomposition},
  publisher = {Wikimedia Foundation},
  address = {San Francisco (CA)},
  year = {2001-},
  urldate = {2022-06-28},
  url = {https://en.wikipedia.org/wiki/LU_decomposition},
}

@online{bGKyYAv1kWXEoBzx,
  journal = {Wikipedia: the free encyclopedia},
  title = {Crout matrix decomposition},
  publisher = {Wikimedia Foundation},
  address = {San Francisco (CA)},
  year = {2001-},
  urldate = {2022-06-28},
  url = {https://en.wikipedia.org/wiki/Crout_matrix_decomposition},
}

@incollection{Lindfield2019,
  author = {George Lindfield and John Penny},
  booktitle = {Numerical Methods},
  title = {Linear Equations and Eigensystems},
  publisher = {Elsevier},
  year = {2019},
  pages = {73-156},
  isbn = {9780128122563},
  urldate = {2022-06-28},
  doi = {10.1016/B978-0-12-812256-3.00011-7},
  url = {https://linkinghub.elsevier.com/retrieve/pii/B9780128122563000117},
}

@article{Oberhuber20210210,
  author = {Tomáš Oberhuber and Jakub Klinkovský and Radek Fučík},
  journal = {Acta Polytechnica},
  title = {TNL},
  subtitle = {NUMERICAL LIBRARY FOR MODERN PARALLEL ARCHITECTURES},
  year = {2021-02-10},
  pages = {122-134},
  volume = {61},
  number = {SI},
  issn = {1805-2363},
  urldate = {2022-07-30},
  doi = {10.14311/AP.2021.61.0122},
  url = {https://ojs.cvut.cz/ojs/index.php/ap/article/view/6075},
}

@online{Ednu6dyrkWKz1Bv2,
  journal = {Template Numerical Library: version main:1fc23ee},
  title = {Template Numerical Library},
  urldate = {2022-07-30},
  url = {https://tnl-project.gitlab.io/tnl/},
}

@article{Chow2015,
  author = {Edmond Chow and Aftab Patel},
  journal = {SIAM Journal on Scientific Computing},
  title = {Fine-Grained Parallel Incomplete LU Factorization},
  year = {2015},
  pages = {C169-C193},
  volume = {37},
  number = {2},
  issn = {1064-8275},
  urldate = {2022-08-10},
  doi = {10.1137/140968896},
  url = {http://epubs.siam.org/doi/10.1137/140968896},
}

@incollection{Cardoso2017,
  author = {João M.P. Cardoso and José Gabriel F. Coutinho and Pedro C. Diniz},
  booktitle = {Embedded Computing for High Performance},
  title = {Source code transformations and optimizations},
  publisher = {Elsevier},
  year = {2017},
  pages = {137-183},
  isbn = {9780128041895},
  urldate = {2022-08-13},
  doi = {10.1016/B978-0-12-804189-5.00005-3},
  url = {https://linkinghub.elsevier.com/retrieve/pii/B9780128041895000053},
}

@online{VVJW5lCpZRWyg8xc,
  journal = {RCI Cluster},
  title = {RCI Cluster Hardware},
  urldate = {2022-08-16},
  url = {https://login.rci.cvut.cz/wiki/hardware},
}

@article{Davis2011,
  author = {Timothy A. Davis and Yifan Hu},
  journal = {ACM Transactions on Mathematical Software},
  title = {The University of Florida Sparse Matrix Collection},
  year = {2011},
  pages = {1-25},
  volume = {38},
  number = {1},
  issn = {0098-3500},
  urldate = {2022-08-16},
  doi = {10.1145/2049662.2049663},
  url = {https://dl.acm.org/doi/10.1145/2049662.2049663},
}

@online{F4RUu4doMdeEMKXX,
  journal = {CUDA Toolkit Documentation},
  title = {CUDA C++ Best Practices Guide},
  publisher = {Nvidia},
  year = {2022},
  urldate = {2022-08-17},
  url = {https://docs.nvidia.com/cuda/pdf/CUDA_C_Best_Practices_Guide.pdf},
}

@online{NvidiaAugust2017,
  author = { Nvidia},
  journal = {Nvidia},
  title = {NVIDIA TESLA V100 GPU ARCHITECTURE},
  subtitle = {THE WORLD’S MOST ADVANCED DATA CENTER GPU},
  urldate = {2022-08-25},
  url = {https://images.nvidia.com/content/volta-architecture/pdf/volta-architecture-whitepaper.pdf},
}

